% Paper de HList
@inproceedings{Kiselyov:2004:STH:1017472.1017488,
 author = {Kiselyov, Oleg and L\"{a}mmel, Ralf and Schupke, Keean},
 title = {Strongly Typed Heterogeneous Collections},
 booktitle = {Proceedings of the 2004 ACM SIGPLAN Workshop on Haskell},
 series = {Haskell '04},
 year = {2004},
 isbn = {1-58113-850-4},
 location = {Snowbird, Utah, USA},
 pages = {96--107},
 numpages = {12},
 url = {http://doi.acm.org/10.1145/1017472.1017488},
 doi = {10.1145/1017472.1017488},
 acmid = {1017488},
 publisher = {ACM},
 address = {New York, NY, USA},
 keywords = {collections, dependently typed programming, extensible records, haskell, type equality, type improvement, type-indexed rows, type-safe database access},
}

% Pagina de Hackage de HList
@online{HListHackage,
  author = {Kiselyov, Oleg and L\"{a}mmel, Ralf and Schupke, Keean},
  title = {Hackage - The HList package},
  year = 2004,
  url = {https://hackage.haskell.org/package/HList},
  urldate = {2016-03-06}
}

% Paper sobre Elm
@article{Czaplicki:2013:AFR:2499370.2462161,
 author = {Czaplicki, Evan and Chong, Stephen},
 title = {Asynchronous Functional Reactive Programming for GUIs},
 journal = {SIGPLAN Not.},
 issue_date = {June 2013},
 volume = {48},
 number = {6},
 month = jun,
 year = {2013},
 issn = {0362-1340},
 pages = {411--422},
 numpages = {12},
 url = {http://doi.acm.org/10.1145/2499370.2462161},
 doi = {10.1145/2499370.2462161},
 acmid = {2462161},
 publisher = {ACM},
 address = {New York, NY, USA},
 keywords = {functional reactive programming, graphical user interfaces},
} 

% Pagina de Elm sobre records extensibles
@online{ElmRecords,
  title = {Elm - Records},
  year = 2016,
  url = {http://elm-lang.org/docs/records},
  urldate = {2016-03-08}
}

% Noticia de Elm que elimina funcionalidad de records extensibles
@online{ElmReducedRecordSyntax,
  title = {Elm - Compilers as Assistants},
  year = 2015,
  url = {http://elm-lang.org/blog/compilers-as-assistants},
  urldate = {2016-04-17}
}

% Pagina principal de Purescript/libro sobre Purescript
@online{PurescriptByExample,
  title = {Purescript by Example},
  year = 2016,
  url = {https://leanpub.com/purescript},
  urldate = {2017-01-31}
}

% Pagina de Purescript sobre records extensibles
@online{PurescriptRecords,
  title = {Purescript - Handling Native Effects with the Eff Monad},
  year = 2016,
  url = {http://www.purescript.org/learn/eff/},
  urldate = {2016-04-17}
}

% Records Extensibles - 1
@TECHREPORT{Gaster96apolymorphic,
    author = {Benedict R. Gaster and Mark P. Jones},
    title = {A Polymorphic Type System for Extensible Records and Variants},
    institution = {},
    year = {1996}
}

% Records Extensibles - 2
@inproceedings{Jeltsch:2010:GRC:1836089.1836108,
 author = {Jeltsch, Wolfgang},
 title = {Generic Record Combinators with Static Type Checking},
 booktitle = {Proceedings of the 12th International ACM SIGPLAN Symposium on Principles and Practice of Declarative Programming},
 series = {PPDP '10},
 year = {2010},
 isbn = {978-1-4503-0132-9},
 location = {Hagenberg, Austria},
 pages = {143--154},
 numpages = {12},
 url = {http://doi.acm.org/10.1145/1836089.1836108},
 doi = {10.1145/1836089.1836108},
 acmid = {1836108},
 publisher = {ACM},
 address = {New York, NY, USA},
 keywords = {closed classes, generic programming, higher-rank polymorphism, induction, type equality, type families, type-level programming, type-level reification},
} 

% Records Extensibles - 3
% SIN USO POR AHORA
% @inproceedings{Martinez:2013:JWC:2426890.2426908,
% author = {Martinez, Bruno and Viera, Marcos and Pardo, Alberto},
% title = {Just Do It While Compiling!: Fast Extensible Records in Haskell},
% booktitle = {Proceedings of the ACM SIGPLAN 2013 Workshop on Partial Evaluation and Program Manipulation},
% series = {PEPM '13},
% year = {2013},
% isbn = {978-1-4503-1842-6},
% location = {Rome, Italy},
% pages = {77--86},
% numpages = {10},
% url = {http://doi.acm.org/10.1145/2426890.2426908},
% doi = {10.1145/2426890.2426908},
% acmid = {2426908},
% publisher = {ACM},
% address = {New York, NY, USA},
% keywords = {balanced trees, extensible records, haskell, hlist, staged computation, type-level programming},
%} 

% Records Extensibles - 4 
@TECHREPORT{Leijen:fclabels,
  author  = {Leijen, Daan},
  title   = {First-class labels for extensible rows},
  institution = {Department of Computer Science, Universiteit Utrecht},
  number  = {UU-CS-2004-51},
  year    = 2004,
  month   = dec
}

% Records Extensibles - 5
@INPROCEEDINGS{Leijen:scopedlabels,
  author    = {Leijen, Daan},
  title     = {Extensible records with scoped labels},
  booktitle = {Proceedings of the 2005 Symposium on Trends in Functional Programming (TFP'05)},
  location  = {{T}allin, {E}stonia},
  month     = sep,
  year      = 2005
}

% Paper sobre Idris
@article{brady:idris-jfp13,
    abstract = {{Many components of a dependently typed programming language are by now well understood, for example, the underlying type theory, type checking, unification and evaluation. How to combine these components into a realistic and usable high-level language is, however, folklore, discovered anew by successive language implementors. In this paper, I describe the implementation of Idris, a new dependently typed functional programming language. Idris is intended to be a general-purpose programming language and as such provides high-level concepts such as implicit syntax, type classes and do notation. I describe the high-level language and the underlying type theory, and present a tactic-based method for elaborating concrete high-level syntax with implicit arguments and type classes into a fully explicit type theory. Furthermore, I show how this method facilitates the implementation of new high-level language constructs.}},
    author = {Brady, Edwin},
    citeulike-article-id = {13112547},
    citeulike-linkout-0 = {http://journals.cambridge.org/action/displayAbstract?fromPage=online\&aid=9060502},
    citeulike-linkout-1 = {http://dx.doi.org/10.1017/s095679681300018x},
    doi = {10.1017/s095679681300018x},
    issn = {1469-7653},
    journal = {Journal of Functional Programming},
    keywords = {dependent-types, design, idris, implementation, type-theory},
    month = sep,
    pages = {552--593},
    posted-at = {2014-03-20 17:15:41},
    priority = {0},
    title = {{Idris, a general-purpose dependently typed programming language: Design and implementation}},
    url = {http://dx.doi.org/10.1017/s095679681300018x},
    volume = {23},
    year = {2013}
}

% Paper sobre Agda
@inproceedings{Norell:2009:DTP:1481861.1481862,
 author = {Norell, Ulf},
 title = {Dependently Typed Programming in Agda},
 booktitle = {Proceedings of the 4th International Workshop on Types in Language Design and Implementation},
 series = {TLDI '09},
 year = {2009},
 isbn = {978-1-60558-420-1},
 location = {Savannah, GA, USA},
 pages = {1--2},
 numpages = {2},
 url = {http://doi.acm.org/10.1145/1481861.1481862},
 doi = {10.1145/1481861.1481862},
 acmid = {1481862},
 publisher = {ACM},
 address = {New York, NY, USA},
 keywords = {dependent types, programming},
} 

% Extension Trex de Hugs basado en el paper de Gaster y Jones 
@online{TrexHugsExtension,
  title = {An overview of Hugs extensions - Extensible records: Trex},
  year = 1999,
  url = {https://www.haskell.org/hugs/pages/hugsman/exts.html#sect7.2},
  urldate = {2017-02-07}
}

% Biblioteca "records" en Haskell
@online{HaskellRecords,
  author = {Wolfgang Jeltsch},
  title = {The records package},
  year = 2012,
  url = {https://hackage.haskell.org/package/records},
  urldate = {2017-02-09}
}

% Biblioteca "rawr" en Haskell
@online{HaskellRawr,
  author = {Chih-Mao Chen},
  title = {The rawr package},
  year = 2016,
  url = {https://hackage.haskell.org/package/rawr},
  urldate = {2017-02-09}
}

% Biblioteca "vinyl" en Haskell
@online{HaskellVinyl,
  author = {Jonathan Sterling},
  title = {The vinyl package},
  year = 2012,
  url = {https://hackage.haskell.org/package/vinyl},
  urldate = {2017-02-09}
}

% Biblioteca "ruin" en Haskell
@online{HaskellRuin,
  author = {Nicolas Frisby},
  title = {The ruin package},
  year = 2016,
  url = {https://hackage.haskell.org/package/ruin},
  urldate = {2017-02-09}
}

% Biblioteca "labels" en Haskell
@online{HaskellLabels,
  author = {Chris Done},
  title = {The labels package},
  year = 2016,
  url = {https://hackage.haskell.org/package/labels},
  urldate = {2017-02-09}
}

% Biblioteca "named-records" en Haskell
@online{HaskellNamedRecords,
  author = {Julian Fleischer},
  title = {The named-records package},
  year = 2013,
  url = {https://hackage.haskell.org/package/named-records},
  urldate = {2017-02-09}
}

% Biblioteca "bookkeeper" en Haskell
@online{HaskellBookkeeper,
  author = {Julian K. Arni},
  title = {Bookkeeper},
  year = 2015,
  url = {https://github.com/turingjump/bookkeeper},
  urldate = {2017-02-09}
}

% Biblioteca "tagged" en Haskell
@online{HaskellTagged,
  author = {Edward A. Kmett},
  title = {The tagged package},
  year = 2010,
  url = {https://hackage.haskell.org/package/tagged},
  urldate = {2017-02-10}
}


% Paper de Luca Cardelli sobre records extensibles
@inproceedings{Cardelli:1990:OR:101514.101515,
 author = {Cardelli, Luca and Mitchell, John C.},
 title = {Operations on Records},
 booktitle = {Proceedings of the Fifth International Conference on Mathematical Foundations of Programming Semantics},
 year = {1990},
 isbn = {0-387-97375-3},
 location = {New Orleans, Louisiana, USA},
 pages = {22--52},
 numpages = {31},
 url = {http://dl.acm.org/citation.cfm?id=101514.101515},
 acmid = {101515},
 publisher = {Springer-Verlag New York, Inc.},
 address = {New York, NY, USA},
} 

% Paper sobre Extensible Records en Haskell
@MISC{Jones99lightweightextensible,
    author = {Mark P. Jones and Simon Peyton Jones},
    title = {Lightweight Extensible Records for Haskell},
    year = {1999}
}


% Curry-Howard isomorphism
@incollection{Howard80,
    author = {Howard, William A.},
    booktitle = {To H. B. Curry: Essays on Combinatory Logic, Lambda Calculus, and Formalism},
    citeulike-article-id = {5917448},
    comment = {Reprint of 1969 article},
    editor = {Seldin, J. P. and Hindley, J. R.},
    keywords = {dissertation},
    pages = {479--490},
    posted-at = {2009-10-09 20:21:48},
    priority = {0},
    publisher = {Academic Press},
    title = {The formulas-as-types notion of construction},
    year = {1980}
}
